



@book{ DixonMortimer96,
  author =           {Dixon, J. D. and Mortimer, B.},
  title =            {Permutation Groups},
  publisher =        {Springer-Verlag},
  series =           {Graduate Texts in Mathematics},
  number =           {163},
  year =             {1996},
  isbn =             {0-387-94599-7},
  mrnumber =         {MR1409812 (98m:20003)},
  printedkey =       {DM96}
}
@misc{ Dokchitser03,
  author =           {Dokchitser, T.},
  title =            {{LLL \& ABC}},
  year =             {2003},
  note =             {\href           {http://arxiv.org/abs/math.NT/0307322}
                      {\texttt{http://arxiv.org/}\discretionary
                      {}{}{}\texttt{abs/}\discretionary
                      {}{}{}\texttt{math.NT/}\discretionary
                      {}{}{}\texttt{0307322}}},
  printedkey =       {Dok03}
}
@manual{ FactInt,
  author =           {Kohl, S.},
  title =            {{FactInt  --  Advanced  Methods for Factoring Integers
                      (Version 1.5.2)}},
  year =             {2007},
  note =             {GAP                   package,                   \href
                      {http://www.gap-system.org/Packages/factint.html}
                      {\texttt{http://www.gap-system.org/}\discretionary
                      {}{}{}\texttt{Packages/}\discretionary
                      {}{}{}\texttt{factint.html}}},
  printedkey =       {Koh07}
}
@manual{ FR,
  author =           {Bartholdi, L.},
  title =            {{FR   --   Computations  with  functionally  recursive
                      groups. Version 0.714285}},
  year =             {2007},
  note =             {GAP  package,  \href {http://mad.epfl.ch/~laurent/FR/}
                      {\texttt{http://mad.epfl.ch/}\discretionary
                      {}{}{}\texttt{\texttt{\symbol{126}}laurent/}\discretionary
                      {}{}{}\texttt{FR/}}},
  printedkey =       {Bar07}
}
@manual{ GAPDoc,
  author =           {L{\"u}beck, F. and Neunh{\"o}ffer, M.},
  title =            {{GAPDoc (Version 1.0)}},
  organization =     {RWTH Aachen},
  year =             {2006},
  note =             {GAP                   package,                   \href
                      {http://www.gap-system.org/Packages/gapdoc.html}
                      {\texttt{http://www.gap-system.org/}\discretionary
                      {}{}{}\texttt{Packages/}\discretionary
                      {}{}{}\texttt{gapdoc.html}}},
  printedkey =       {LN06}
}
@manual{ GRAPE,
  author =           {Soicher, L.},
  title =            {{GRAPE  --  GRaph  Algorithms using PErmutation groups
                      (Version 4.1)}},
  organization =     {Queen Mary, University of London},
  year =             {2002},
  note =             {GAP                   package,                   \href
                      {http://www.gap-system.org/Packages/grape.html}
                      {\texttt{http://www.gap-system.org/}\discretionary
                      {}{}{}\texttt{Packages/}\discretionary
                      {}{}{}\texttt{grape.html}}},
  printedkey =       {Soi02}
}
@book{ HoltEickOBrien05,
  author =           {Holt, D. F. and Eick, B. and O'Brien, E. A.},
  title =            {Handbook of Computational Group Theory},
  publisher =        {Chapman \& Hall / CRC, Boca Raton, FL},
  series =           {Discrete Mathematics and its Applications (Boca Raton)},
  year =             {2005},
  pages =            {xvi+514},
  isbn =             {1-58488-372-3},
  mrnumber =         {MR2129747 (2006f:20001)},
  printedkey =       {HEO05}
}
@article{ Lagarias02,
  author =           {Lagarias, J. C.},
  title =            {An  Elementary  Problem  Equivalent  to  the {Riemann}
                      Hypothesis},
  journal =          {Amer. Math. Monthly},
  volume =           {109},
  year =             {2002},
  pages =            {534-543},
  printedkey =       {Lag02}
}
@misc{ Lagarias07,
  author =           {Lagarias, J. C.},
  title =            {3x+1 Problem Annotated Bibliography},
  year =             {2007},
  note =             {Part  I:  \href {http://arxiv.org/abs/math.NT/0309224}
                      {\texttt{http://arxiv.org/}\discretionary
                      {}{}{}\texttt{abs/}\discretionary
                      {}{}{}\texttt{math.NT/}\discretionary
                      {}{}{}\texttt{0309224}},      Part      II:      \href
                      {http://arxiv.org/abs/math.NT/0608208}
                      {\texttt{http://arxiv.org/}\discretionary
                      {}{}{}\texttt{abs/}\discretionary
                      {}{}{}\texttt{math.NT/}\discretionary
                      {}{}{}\texttt{0608208}}},
  printedkey =       {Lag07}
}
@book{ LaHarpe00,
  author =           {de la Harpe, P.},
  title =            {Topics in Geometric Group Theory},
  publisher =        {Chicago Lectures in Mathematics},
  year =             {2000},
  isbn =             {0-226-31721-8},
  mrnumber =         {MR1786869 (2001i:20081)},
  printedkey =       {dlH00}
}
@article{ MacHaleSheehy95,
  author =           {MacHale, D. and Sheehy, R.},
  title =            {Finite groups with odd order automorphism groups},
  journal =          {Proc. Roy. Irish Acad. Sect. A},
  volume =           {95},
  year =             {1995},
  pages =            {113--116},
  printedkey =       {MS95}
}
@article{ Pazderski80,
  author =           {Pazderski, G.},
  title =            {The Orders of Which Only Belong Metabelian Groups},
  journal =          {Math. Nachr.},
  volume =           {95},
  year =             {1980},
  pages =            {7-16},
  printedkey =       {Paz80}
}
@manual{ Polycyclic,
  author =           {Eick, B. and Nickel, W.},
  title =            {{Polycyclic  --  Computation  with  polycyclic groups;
                      Version 2.1}},
  year =             {2006},
  note =             {GAP                   package,                   \href
                      {http://www.gap-system.org/Packages/polycyclic.html}
                      {\texttt{http://www.gap-system.org/}\discretionary
                      {}{}{}\texttt{Packages/}\discretionary
                      {}{}{}\texttt{polycyclic.html}}},
  printedkey =       {EN06}
}
@manual{ RCWA,
  author =           {Kohl, S.},
  title =            {{RCWA  --  Residue-Class-Wise  Affine  Groups (Version
                      2.5.4)}},
  year =             {2007},
  note =             {GAP                   package,                   \href
                      {http://www.gap-system.org/Packages/rcwa.html}
                      {\texttt{http://www.gap-system.org/}\discretionary
                      {}{}{}\texttt{Packages/}\discretionary
                      {}{}{}\texttt{rcwa.html}}},
  printedkey =       {Koh07}
}
@manual{ ResClasses,
  author =           {Kohl, S.},
  title =            {{ResClasses -- Set-Theoretic Computations with Residue
                      Classes (Version 2.5.3)}},
  year =             {2007},
  note =             {GAP                   package,                   \href
                      {http://www.gap-system.org/Packages/resclasses.html}
                      {\texttt{http://www.gap-system.org/}\discretionary
                      {}{}{}\texttt{Packages/}\discretionary
                      {}{}{}\texttt{resclasses.html}}},
  printedkey =       {Koh07}
}
@manual{ SmallGroups,
  author =           {Besche, H. U. and Eick, B. and O'Brien, E.},
  title =            {{The SmallGroups Library}},
  year =             {2007},
  note =             {GAP                   package,                   \href
                      {http://www.gap-system.org/Packages/sgl.html}
                      {\texttt{http://www.gap-system.org/}\discretionary
                      {}{}{}\texttt{Packages/}\discretionary
                      {}{}{}\texttt{sgl.html}}},
  printedkey =       {BEO07}
}
