%%%%%%%%%%%%%%%%%%%%%%%%%%%%%%%%%%%%%%%%%%%%%%%%%%%%%%%%%%%%%%%%%%%%%%%%%%%%%%%%%%%%%%%%%%%%%%%%%%%%
%%
%%  kohl.bib                                                                             Stefan Kohl
%%
%%%%%%%%%%%%%%%%%%%%%%%%%%%%%%%%%%%%%%%%%%%%%%%%%%%%%%%%%%%%%%%%%%%%%%%%%%%%%%%%%%%%%%%%%%%%%%%%%%%%

@Manual{Kohl99,
        Author       = {Stefan Kohl},
        Title        = {FactInt - Advanced Methods for Factoring Integers},
        Year         = 1999,
        Note         = {\textsf{GAP} package, http://www.gap-system.org/Packages/factint.html}}

@MastersThesis{Kohl00,
               Author = {Stefan Kohl},
               Title  = {{Über die Anzahl der Bahnen in endlichen Gruppen unter der Operation
                            ihrer Automorphismengruppe - Suzuki-Gruppen vs. lineare Gruppen}},
               Type   = {Diplomarbeit},
               School = {Universit\"at Stuttgart},
               Year   = 2000}

@Article{Kohl02,
         Author  = {Stefan Kohl},
         Title   = {Counting the Orbits on Finite Simple Groups under the Action of the
                    Automorphism Group - {S}uzuki Groups Vs. Linear Groups},
         Journal  = {Comm. Algebra}, 
         Year     = 2002,
         Volume   = 30,
         Number   = 7,
         Pages    = {3515-3532},
         MRNumber = 1915010,
         Note     = {DOI: 10.1081/AGB-120004501}}

@Article{Kohl04,
         Author   = {Stefan Kohl},
         Title    = {Classifying Finite Simple Groups with Respect to the Number of Orbits under
                     the Action of the Automorphism Group},
         Journal  = {Comm. Algebra}, 
         Year     = 2004,
         Volume   = 32,
         Number   = 12,
         Pages    = {4785-4794},
         MRNumber = 2111596,
         Note     = {DOI: 10.1081/AGB-200039279}}

@Manual{Kohl05a,
        Author = {Stefan Kohl},
        Title  = {{RCWA - Residue-Class-Wise Affine Groups; Version 3.1.2}},
        Year   = 2011,
        Note   = {\textsf{GAP} package, http://www.gap-system.org/Packages/rcwa.html}}

@PhDThesis{Kohl05b,
           Author = {Stefan Kohl},
           Title  = {{Restklassenweise affine Gruppen}},
           School = {{Universit\"at Stuttgart}},
           Type   = {Dissertation},
           Year   = 2005,
           Note   = {published at http://deposit.d-nb.de/cgi-bin/dokserv?idn=977164071}}

@Article{Kohl07,
         Author   = {Stefan Kohl},
         Title    = {Wildness of Iteration of Certain Residue-Class-Wise Affine Mappings},
         Journal  = {Adv. in Appl. Math.},
         Year     = 2007,
         Volume   = 39,
         Number   = 3,
         Pages    = {322-328},
         MRNumber = 2352043,
         Note     = {DOI: 10.1016/j.aam.2006.08.003}}

@Article{Kohl08a,
         Author   = {Stefan Kohl},
         Title    = {On Conjugates of Collatz-Type Mappings},
         Journal  = {Int. J. Number Theory},
         Year     = 2008,
         Volume   = 4,
         Number   = 1,
         Pages    = {117-120},
         MRNumber = 2387919,
         Note     = {DOI: 10.1142/S1793042108001237}}

@Article{Kohl08b,
         Author   = {Stefan Kohl},
         Title    = {Algorithms for a Class of Infinite Permutation Groups},
         Journal  = {J. Symb. Comp.},
         Year     = 2008,
         Volume   = 43,
         Number   = 8,
         Pages    = {545-581},
         MRNumber = 2415857,
         Note     = {DOI: 10.1016/j.jsc.2007.12.001}}

@Article{Kohl10,
         Author   = {Stefan Kohl},
         Title    = {A Simple Group Generated by Involutions Interchanging
                     Residue Classes of the Integers},
         Journal  = {Math. Z.},
         Year     = 2010,
         Volume   = 264,
         Number   = 4,
         Pages    = {927-938},
         MRNumber = 2593301,
         Note     = {DOI: 10.1007/s00209-009-0497-8}}

@Article{Kohl13,
         Author   = {Stefan Kohl},
         Title    = {Simple Groups Generated by Involutions Interchanging
                     Residue Classes Modulo Lattices in \(\mathbb{Z}^d\)},
         Journal  = {J. Group Theory},
         Year     = 2013,
         Volume   = 16,
         Number   = 1,
         Pages    = {81-86},
         Note     = {DOI: 10.1515/jgt-2012-0031}}

%%%%%%%%%%%%%%%%%%%%%%%%%%%%%%%%%%%%%%%%%%%%%%%%%%%%%%%%%%%%%%%%%%%%%%%%%%%%%%%%%%%%%%%%%%%%%%%%%%%%